
@misc{omnetpp,
	title = {Orodje OMNeT++},
	author = {Web source},
	howpublished = "\url{http://www.omnetpp.org/}"
}

@misc{cisco,
	title = {Cisco Routers Documentation},
	author = {Web source},
	howpublished = "\url{http://www.cisco.com/}"
}