@misc{ enwiki:1146984021,
    author = "{Wikipedia contributors}",
    title = "Raspberry Pi --- {Wikipedia}{,} The Free Encyclopedia",
    year = "2023",
    url = "https://en.wikipedia.org/w/index.php?title=Raspberry_Pi&oldid=1146984021",
    note = "[Online; accessed 15-April-2023]"
}

@misc{raspap, title={Raspap}, url={https://raspap.com/}, journal={RaspAP}} 

@misc{ enwiki:1121314888,
    author = "{Wikipedia contributors}",
    title = "Carrier-sense multiple access --- {Wikipedia}{,} The Free Encyclopedia",
    year = "2022",
    url = "https://en.wikipedia.org/w/index.php?title=Carrier-sense_multiple_access&oldid=1121314888",
    note = "[Online; accessed 1-May-2023]"
}

@misc{ enwiki:1152116503,
    author = "{Wikipedia contributors}",
    title = "Modulation --- {Wikipedia}{,} The Free Encyclopedia",
    year = "2023",
    url = "https://en.wikipedia.org/w/index.php?title=Modulation&oldid=1152116503",
    note = "[Online; accessed 1-May-2023]"
}